%YAML 1.1
%TAG !u! tag:unity3d.com,2011:
--- !u!1 &3864974997316453676
GameObject:
  m_ObjectHideFlags: 0
  m_CorrespondingSourceObject: {fileID: 0}
  m_PrefabInstance: {fileID: 0}
  m_PrefabAsset: {fileID: 0}
  serializedVersion: 6
  m_Component:
  - component: {fileID: 886330311912512025}
  m_Layer: 0
  m_Name: GameObject (1)
  m_TagString: Untagged
  m_Icon: {fileID: 0}
  m_NavMeshLayer: 0
  m_StaticEditorFlags: 0
  m_IsActive: 1
--- !u!4 &886330311912512025
Transform:
  m_ObjectHideFlags: 0
  m_CorrespondingSourceObject: {fileID: 0}
  m_PrefabInstance: {fileID: 0}
  m_PrefabAsset: {fileID: 0}
  m_GameObject: {fileID: 3864974997316453676}
  m_LocalRotation: {x: 0, y: 0, z: 0, w: 1}
  m_LocalPosition: {x: -14.1241665, y: 9.021396, z: -17.045832}
  m_LocalScale: {x: 1, y: 1, z: 1}
  m_Children:
  - {fileID: 7544081782515614469}
  - {fileID: 6254057429841055303}
  - {fileID: 3523492620193299989}
  - {fileID: 6879275809821097875}
  - {fileID: 4250227928679570094}
  - {fileID: 5612842990346282708}
  - {fileID: 5612842989856468701}
  - {fileID: 6742051440288937230}
  - {fileID: 3259702211327477084}
  - {fileID: 7460930019700149973}
  m_Father: {fileID: 0}
  m_RootOrder: 0
  m_LocalEulerAnglesHint: {x: 0, y: 0, z: 0}
--- !u!1 &5612842989856468703
GameObject:
  m_ObjectHideFlags: 0
  m_CorrespondingSourceObject: {fileID: 0}
  m_PrefabInstance: {fileID: 0}
  m_PrefabAsset: {fileID: 0}
  serializedVersion: 6
  m_Component:
  - component: {fileID: 5612842989856468701}
  - component: {fileID: 5612842989856468700}
  m_Layer: 0
  m_Name: Directional Light
  m_TagString: Untagged
  m_Icon: {fileID: 0}
  m_NavMeshLayer: 0
  m_StaticEditorFlags: 0
  m_IsActive: 1
--- !u!4 &5612842989856468701
Transform:
  m_ObjectHideFlags: 0
  m_CorrespondingSourceObject: {fileID: 0}
  m_PrefabInstance: {fileID: 0}
  m_PrefabAsset: {fileID: 0}
  m_GameObject: {fileID: 5612842989856468703}
  m_LocalRotation: {x: 0.05645158, y: 0.94246924, z: -0.20858686, w: 0.25506186}
  m_LocalPosition: {x: -30.76853, y: 26.183895, z: 109.45668}
  m_LocalScale: {x: 1, y: 1, z: 1}
  m_Children: []
  m_Father: {fileID: 886330311912512025}
  m_RootOrder: 6
  m_LocalEulerAnglesHint: {x: 50, y: -30, z: 0}
--- !u!108 &5612842989856468700
Light:
  m_ObjectHideFlags: 0
  m_CorrespondingSourceObject: {fileID: 0}
  m_PrefabInstance: {fileID: 0}
  m_PrefabAsset: {fileID: 0}
  m_GameObject: {fileID: 5612842989856468703}
  m_Enabled: 1
  serializedVersion: 10
  m_Type: 1
  m_Shape: 0
  m_Color: {r: 0.36558858, g: 0.26099148, b: 0.4811321, a: 1}
  m_Intensity: 0.5
  m_Range: 10
  m_SpotAngle: 30
  m_InnerSpotAngle: 21.80208
  m_CookieSize: 10
  m_Shadows:
    m_Type: 1
    m_Resolution: -1
    m_CustomResolution: -1
    m_Strength: 1
    m_Bias: 0.05
    m_NormalBias: 0.4
    m_NearPlane: 0.2
    m_CullingMatrixOverride:
      e00: 1
      e01: 0
      e02: 0
      e03: 0
      e10: 0
      e11: 1
      e12: 0
      e13: 0
      e20: 0
      e21: 0
      e22: 1
      e23: 0
      e30: 0
      e31: 0
      e32: 0
      e33: 1
    m_UseCullingMatrixOverride: 0
  m_Cookie: {fileID: 0}
  m_DrawHalo: 0
  m_Flare: {fileID: 0}
  m_RenderMode: 0
  m_CullingMask:
    serializedVersion: 2
    m_Bits: 4294967295
  m_RenderingLayerMask: 1
  m_Lightmapping: 4
  m_LightShadowCasterMode: 0
  m_AreaSize: {x: 1, y: 1}
  m_BounceIntensity: 1
  m_ColorTemperature: 6570
  m_UseColorTemperature: 0
  m_BoundingSphereOverride: {x: 0, y: 0, z: 0, w: 0}
  m_UseBoundingSphereOverride: 0
  m_ShadowRadius: 0
  m_ShadowAngle: 0
--- !u!1 &5612842990346282711
GameObject:
  m_ObjectHideFlags: 0
  m_CorrespondingSourceObject: {fileID: 0}
  m_PrefabInstance: {fileID: 0}
  m_PrefabAsset: {fileID: 0}
  serializedVersion: 6
  m_Component:
  - component: {fileID: 5612842990346282708}
  - component: {fileID: 5612842990346282709}
  m_Layer: 0
  m_Name: GameObject
  m_TagString: Untagged
  m_Icon: {fileID: 0}
  m_NavMeshLayer: 0
  m_StaticEditorFlags: 0
  m_IsActive: 1
--- !u!4 &5612842990346282708
Transform:
  m_ObjectHideFlags: 0
  m_CorrespondingSourceObject: {fileID: 0}
  m_PrefabInstance: {fileID: 0}
  m_PrefabAsset: {fileID: 0}
  m_GameObject: {fileID: 5612842990346282711}
  m_LocalRotation: {x: -0, y: -0, z: -0, w: 1}
  m_LocalPosition: {x: -18.977983, y: 14.027137, z: 72.14334}
  m_LocalScale: {x: 1, y: 1, z: 1}
  m_Children: []
  m_Father: {fileID: 886330311912512025}
  m_RootOrder: 5
  m_LocalEulerAnglesHint: {x: 0, y: 0, z: 0}
--- !u!114 &5612842990346282709
MonoBehaviour:
  m_ObjectHideFlags: 0
  m_CorrespondingSourceObject: {fileID: 0}
  m_PrefabInstance: {fileID: 0}
  m_PrefabAsset: {fileID: 0}
  m_GameObject: {fileID: 5612842990346282711}
  m_Enabled: 1
  m_EditorHideFlags: 0
  m_Script: {fileID: 11500000, guid: 172515602e62fb746b5d573b38a5fe58, type: 3}
  m_Name: 
  m_EditorClassIdentifier: 
  isGlobal: 1
  priority: 0
  blendDistance: 0
  weight: 1
  sharedProfile: {fileID: 11400000, guid: 4c69a3a42a0831049881a7b082a7b87a, type: 2}
--- !u!1001 &443302794649807440
PrefabInstance:
  m_ObjectHideFlags: 0
  serializedVersion: 2
  m_Modification:
    m_TransformParent: {fileID: 886330311912512025}
    m_Modifications:
    - target: {fileID: 3105834926292922124, guid: 241af1d2f1a7e9f4393366b8a66c8882,
        type: 3}
      propertyPath: m_LocalPosition.x
      value: 0
      objectReference: {fileID: 0}
    - target: {fileID: 3105834926292922124, guid: 241af1d2f1a7e9f4393366b8a66c8882,
        type: 3}
      propertyPath: m_LocalPosition.y
      value: 0
      objectReference: {fileID: 0}
    - target: {fileID: 3105834926292922124, guid: 241af1d2f1a7e9f4393366b8a66c8882,
        type: 3}
      propertyPath: m_LocalPosition.z
      value: 0
      objectReference: {fileID: 0}
    - target: {fileID: 3105834926292922124, guid: 241af1d2f1a7e9f4393366b8a66c8882,
        type: 3}
      propertyPath: m_LocalRotation.x
      value: 0
      objectReference: {fileID: 0}
    - target: {fileID: 3105834926292922124, guid: 241af1d2f1a7e9f4393366b8a66c8882,
        type: 3}
      propertyPath: m_LocalRotation.y
      value: 0
      objectReference: {fileID: 0}
    - target: {fileID: 3105834926292922124, guid: 241af1d2f1a7e9f4393366b8a66c8882,
        type: 3}
      propertyPath: m_LocalRotation.z
      value: 0
      objectReference: {fileID: 0}
    - target: {fileID: 3105834926292922124, guid: 241af1d2f1a7e9f4393366b8a66c8882,
        type: 3}
      propertyPath: m_LocalRotation.w
      value: 1
      objectReference: {fileID: 0}
    - target: {fileID: 3105834926292922124, guid: 241af1d2f1a7e9f4393366b8a66c8882,
        type: 3}
      propertyPath: m_RootOrder
      value: 8
      objectReference: {fileID: 0}
    - target: {fileID: 3105834926292922124, guid: 241af1d2f1a7e9f4393366b8a66c8882,
        type: 3}
      propertyPath: m_LocalEulerAnglesHint.x
      value: 0
      objectReference: {fileID: 0}
    - target: {fileID: 3105834926292922124, guid: 241af1d2f1a7e9f4393366b8a66c8882,
        type: 3}
      propertyPath: m_LocalEulerAnglesHint.y
      value: 0
      objectReference: {fileID: 0}
    - target: {fileID: 3105834926292922124, guid: 241af1d2f1a7e9f4393366b8a66c8882,
        type: 3}
      propertyPath: m_LocalEulerAnglesHint.z
      value: 0
      objectReference: {fileID: 0}
    - target: {fileID: 4943136173565096893, guid: 241af1d2f1a7e9f4393366b8a66c8882,
        type: 3}
      propertyPath: m_Name
      value: GameObject (2)
      objectReference: {fileID: 0}
    m_RemovedComponents: []
  m_SourcePrefab: {fileID: 100100000, guid: 241af1d2f1a7e9f4393366b8a66c8882, type: 3}
--- !u!4 &3259702211327477084 stripped
Transform:
  m_CorrespondingSourceObject: {fileID: 3105834926292922124, guid: 241af1d2f1a7e9f4393366b8a66c8882,
    type: 3}
  m_PrefabInstance: {fileID: 443302794649807440}
  m_PrefabAsset: {fileID: 0}
--- !u!1001 &1204153294981493097
PrefabInstance:
  m_ObjectHideFlags: 0
  serializedVersion: 2
  m_Modification:
    m_TransformParent: {fileID: 886330311912512025}
    m_Modifications:
    - target: {fileID: 5031678269926934315, guid: 8e73929ef4c62cd49b9da4063c65767a,
        type: 3}
      propertyPath: m_Name
      value: GameObject (3)
      objectReference: {fileID: 0}
    - target: {fileID: 8591899797306900412, guid: 8e73929ef4c62cd49b9da4063c65767a,
        type: 3}
      propertyPath: m_LocalPosition.x
      value: 0
      objectReference: {fileID: 0}
    - target: {fileID: 8591899797306900412, guid: 8e73929ef4c62cd49b9da4063c65767a,
        type: 3}
      propertyPath: m_LocalPosition.y
      value: 0
      objectReference: {fileID: 0}
    - target: {fileID: 8591899797306900412, guid: 8e73929ef4c62cd49b9da4063c65767a,
        type: 3}
      propertyPath: m_LocalPosition.z
      value: 0
      objectReference: {fileID: 0}
    - target: {fileID: 8591899797306900412, guid: 8e73929ef4c62cd49b9da4063c65767a,
        type: 3}
      propertyPath: m_LocalRotation.x
      value: 0
      objectReference: {fileID: 0}
    - target: {fileID: 8591899797306900412, guid: 8e73929ef4c62cd49b9da4063c65767a,
        type: 3}
      propertyPath: m_LocalRotation.y
      value: 0
      objectReference: {fileID: 0}
    - target: {fileID: 8591899797306900412, guid: 8e73929ef4c62cd49b9da4063c65767a,
        type: 3}
      propertyPath: m_LocalRotation.z
      value: 0
      objectReference: {fileID: 0}
    - target: {fileID: 8591899797306900412, guid: 8e73929ef4c62cd49b9da4063c65767a,
        type: 3}
      propertyPath: m_LocalRotation.w
      value: 1
      objectReference: {fileID: 0}
    - target: {fileID: 8591899797306900412, guid: 8e73929ef4c62cd49b9da4063c65767a,
        type: 3}
      propertyPath: m_RootOrder
      value: 9
      objectReference: {fileID: 0}
    - target: {fileID: 8591899797306900412, guid: 8e73929ef4c62cd49b9da4063c65767a,
        type: 3}
      propertyPath: m_LocalEulerAnglesHint.x
      value: 0
      objectReference: {fileID: 0}
    - target: {fileID: 8591899797306900412, guid: 8e73929ef4c62cd49b9da4063c65767a,
        type: 3}
      propertyPath: m_LocalEulerAnglesHint.y
      value: 0
      objectReference: {fileID: 0}
    - target: {fileID: 8591899797306900412, guid: 8e73929ef4c62cd49b9da4063c65767a,
        type: 3}
      propertyPath: m_LocalEulerAnglesHint.z
      value: 0
      objectReference: {fileID: 0}
    m_RemovedComponents: []
  m_SourcePrefab: {fileID: 100100000, guid: 8e73929ef4c62cd49b9da4063c65767a, type: 3}
--- !u!4 &7460930019700149973 stripped
Transform:
  m_CorrespondingSourceObject: {fileID: 8591899797306900412, guid: 8e73929ef4c62cd49b9da4063c65767a,
    type: 3}
  m_PrefabInstance: {fileID: 1204153294981493097}
  m_PrefabAsset: {fileID: 0}
--- !u!1001 &6562833265796480881
PrefabInstance:
  m_ObjectHideFlags: 0
  serializedVersion: 2
  m_Modification:
    m_TransformParent: {fileID: 886330311912512025}
    m_Modifications:
    - target: {fileID: 997897020704026934, guid: 771cf2ad364dff747b40c5c695513791,
        type: 3}
      propertyPath: m_LocalPosition.x
      value: 39.4432
      objectReference: {fileID: 0}
    - target: {fileID: 997897020704026934, guid: 771cf2ad364dff747b40c5c695513791,
        type: 3}
      propertyPath: m_LocalPosition.y
      value: -9.021396
      objectReference: {fileID: 0}
    - target: {fileID: 997897020704026934, guid: 771cf2ad364dff747b40c5c695513791,
        type: 3}
      propertyPath: m_LocalPosition.z
      value: -40.893852
      objectReference: {fileID: 0}
    - target: {fileID: 997897020704026934, guid: 771cf2ad364dff747b40c5c695513791,
        type: 3}
      propertyPath: m_LocalRotation.x
      value: -0
      objectReference: {fileID: 0}
    - target: {fileID: 997897020704026934, guid: 771cf2ad364dff747b40c5c695513791,
        type: 3}
      propertyPath: m_LocalRotation.y
      value: -0.98134065
      objectReference: {fileID: 0}
    - target: {fileID: 997897020704026934, guid: 771cf2ad364dff747b40c5c695513791,
        type: 3}
      propertyPath: m_LocalRotation.z
      value: -0
      objectReference: {fileID: 0}
    - target: {fileID: 997897020704026934, guid: 771cf2ad364dff747b40c5c695513791,
        type: 3}
      propertyPath: m_LocalRotation.w
      value: 0.19227746
      objectReference: {fileID: 0}
    - target: {fileID: 997897020704026934, guid: 771cf2ad364dff747b40c5c695513791,
        type: 3}
      propertyPath: m_RootOrder
      value: 1
      objectReference: {fileID: 0}
    - target: {fileID: 997897020704026934, guid: 771cf2ad364dff747b40c5c695513791,
        type: 3}
      propertyPath: m_LocalEulerAnglesHint.x
      value: 0
      objectReference: {fileID: 0}
    - target: {fileID: 997897020704026934, guid: 771cf2ad364dff747b40c5c695513791,
        type: 3}
      propertyPath: m_LocalEulerAnglesHint.y
      value: -157.82901
      objectReference: {fileID: 0}
    - target: {fileID: 997897020704026934, guid: 771cf2ad364dff747b40c5c695513791,
        type: 3}
      propertyPath: m_LocalEulerAnglesHint.z
      value: 0
      objectReference: {fileID: 0}
    - target: {fileID: 4288103961059984165, guid: 771cf2ad364dff747b40c5c695513791,
        type: 3}
      propertyPath: m_Name
      value: palma1 Variant (42)
      objectReference: {fileID: 0}
    m_RemovedComponents: []
  m_SourcePrefab: {fileID: 100100000, guid: 771cf2ad364dff747b40c5c695513791, type: 3}
--- !u!4 &6254057429841055303 stripped
Transform:
  m_CorrespondingSourceObject: {fileID: 997897020704026934, guid: 771cf2ad364dff747b40c5c695513791,
    type: 3}
  m_PrefabInstance: {fileID: 6562833265796480881}
  m_PrefabAsset: {fileID: 0}
--- !u!1001 &6681945194475103444
PrefabInstance:
  m_ObjectHideFlags: 0
  serializedVersion: 2
  m_Modification:
    m_TransformParent: {fileID: 886330311912512025}
    m_Modifications:
    - target: {fileID: 5772356678546885737, guid: 76acca9f0c4d0d84aaff73690c6da30f,
        type: 3}
      propertyPath: m_Name
      value: mapa1 Variant
      objectReference: {fileID: 0}
    - target: {fileID: 7368133117161438842, guid: 76acca9f0c4d0d84aaff73690c6da30f,
        type: 3}
      propertyPath: m_LocalPosition.x
      value: 14.1241665
      objectReference: {fileID: 0}
    - target: {fileID: 7368133117161438842, guid: 76acca9f0c4d0d84aaff73690c6da30f,
        type: 3}
      propertyPath: m_LocalPosition.y
      value: -9.021396
      objectReference: {fileID: 0}
    - target: {fileID: 7368133117161438842, guid: 76acca9f0c4d0d84aaff73690c6da30f,
        type: 3}
      propertyPath: m_LocalPosition.z
      value: 17.045832
      objectReference: {fileID: 0}
    - target: {fileID: 7368133117161438842, guid: 76acca9f0c4d0d84aaff73690c6da30f,
        type: 3}
      propertyPath: m_LocalRotation.x
      value: -0
      objectReference: {fileID: 0}
    - target: {fileID: 7368133117161438842, guid: 76acca9f0c4d0d84aaff73690c6da30f,
        type: 3}
      propertyPath: m_LocalRotation.y
      value: -0
      objectReference: {fileID: 0}
    - target: {fileID: 7368133117161438842, guid: 76acca9f0c4d0d84aaff73690c6da30f,
        type: 3}
      propertyPath: m_LocalRotation.z
      value: -0
      objectReference: {fileID: 0}
    - target: {fileID: 7368133117161438842, guid: 76acca9f0c4d0d84aaff73690c6da30f,
        type: 3}
      propertyPath: m_LocalRotation.w
      value: 1
      objectReference: {fileID: 0}
    - target: {fileID: 7368133117161438842, guid: 76acca9f0c4d0d84aaff73690c6da30f,
        type: 3}
      propertyPath: m_RootOrder
      value: 4
      objectReference: {fileID: 0}
    - target: {fileID: 7368133117161438842, guid: 76acca9f0c4d0d84aaff73690c6da30f,
        type: 3}
      propertyPath: m_LocalEulerAnglesHint.x
      value: 0
      objectReference: {fileID: 0}
    - target: {fileID: 7368133117161438842, guid: 76acca9f0c4d0d84aaff73690c6da30f,
        type: 3}
      propertyPath: m_LocalEulerAnglesHint.y
      value: 0
      objectReference: {fileID: 0}
    - target: {fileID: 7368133117161438842, guid: 76acca9f0c4d0d84aaff73690c6da30f,
        type: 3}
      propertyPath: m_LocalEulerAnglesHint.z
      value: 0
      objectReference: {fileID: 0}
    m_RemovedComponents: []
  m_SourcePrefab: {fileID: 100100000, guid: 76acca9f0c4d0d84aaff73690c6da30f, type: 3}
--- !u!4 &4250227928679570094 stripped
Transform:
  m_CorrespondingSourceObject: {fileID: 7368133117161438842, guid: 76acca9f0c4d0d84aaff73690c6da30f,
    type: 3}
  m_PrefabInstance: {fileID: 6681945194475103444}
  m_PrefabAsset: {fileID: 0}
--- !u!1001 &7012750829168510170
PrefabInstance:
  m_ObjectHideFlags: 0
  serializedVersion: 2
  m_Modification:
    m_TransformParent: {fileID: 886330311912512025}
    m_Modifications:
    - target: {fileID: 608278999963945306, guid: a42a5538cc56e8b4fb849f925e62260b,
        type: 3}
      propertyPath: m_Name
      value: stacja Variant
      objectReference: {fileID: 0}
    - target: {fileID: 4479484451066788681, guid: a42a5538cc56e8b4fb849f925e62260b,
        type: 3}
      propertyPath: m_LocalPosition.x
      value: -11.545834
      objectReference: {fileID: 0}
    - target: {fileID: 4479484451066788681, guid: a42a5538cc56e8b4fb849f925e62260b,
        type: 3}
      propertyPath: m_LocalPosition.y
      value: -9.021396
      objectReference: {fileID: 0}
    - target: {fileID: 4479484451066788681, guid: a42a5538cc56e8b4fb849f925e62260b,
        type: 3}
      propertyPath: m_LocalPosition.z
      value: 44.845833
      objectReference: {fileID: 0}
    - target: {fileID: 4479484451066788681, guid: a42a5538cc56e8b4fb849f925e62260b,
        type: 3}
      propertyPath: m_LocalRotation.x
      value: -0
      objectReference: {fileID: 0}
    - target: {fileID: 4479484451066788681, guid: a42a5538cc56e8b4fb849f925e62260b,
        type: 3}
      propertyPath: m_LocalRotation.y
      value: -0.8853656
      objectReference: {fileID: 0}
    - target: {fileID: 4479484451066788681, guid: a42a5538cc56e8b4fb849f925e62260b,
        type: 3}
      propertyPath: m_LocalRotation.z
      value: -0
      objectReference: {fileID: 0}
    - target: {fileID: 4479484451066788681, guid: a42a5538cc56e8b4fb849f925e62260b,
        type: 3}
      propertyPath: m_LocalRotation.w
      value: 0.46489543
      objectReference: {fileID: 0}
    - target: {fileID: 4479484451066788681, guid: a42a5538cc56e8b4fb849f925e62260b,
        type: 3}
      propertyPath: m_RootOrder
      value: 3
      objectReference: {fileID: 0}
    - target: {fileID: 4479484451066788681, guid: a42a5538cc56e8b4fb849f925e62260b,
        type: 3}
      propertyPath: m_LocalEulerAnglesHint.x
      value: 0
      objectReference: {fileID: 0}
    - target: {fileID: 4479484451066788681, guid: a42a5538cc56e8b4fb849f925e62260b,
        type: 3}
      propertyPath: m_LocalEulerAnglesHint.y
      value: -124.593
      objectReference: {fileID: 0}
    - target: {fileID: 4479484451066788681, guid: a42a5538cc56e8b4fb849f925e62260b,
        type: 3}
      propertyPath: m_LocalEulerAnglesHint.z
      value: 0
      objectReference: {fileID: 0}
    m_RemovedComponents: []
  m_SourcePrefab: {fileID: 100100000, guid: a42a5538cc56e8b4fb849f925e62260b, type: 3}
--- !u!4 &6879275809821097875 stripped
Transform:
  m_CorrespondingSourceObject: {fileID: 4479484451066788681, guid: a42a5538cc56e8b4fb849f925e62260b,
    type: 3}
  m_PrefabInstance: {fileID: 7012750829168510170}
  m_PrefabAsset: {fileID: 0}
--- !u!1001 &8171416123904752987
PrefabInstance:
  m_ObjectHideFlags: 0
  serializedVersion: 2
  m_Modification:
    m_TransformParent: {fileID: 886330311912512025}
    m_Modifications:
    - target: {fileID: 1862033672655027806, guid: ceaef40b0c919204bb6a3e1e676f3020,
        type: 3}
      propertyPath: m_LocalPosition.x
      value: -12.9021015
      objectReference: {fileID: 0}
    - target: {fileID: 1862033672655027806, guid: ceaef40b0c919204bb6a3e1e676f3020,
        type: 3}
      propertyPath: m_LocalPosition.y
      value: -9.021396
      objectReference: {fileID: 0}
    - target: {fileID: 1862033672655027806, guid: ceaef40b0c919204bb6a3e1e676f3020,
        type: 3}
      propertyPath: m_LocalPosition.z
      value: 60.38369
      objectReference: {fileID: 0}
    - target: {fileID: 1862033672655027806, guid: ceaef40b0c919204bb6a3e1e676f3020,
        type: 3}
      propertyPath: m_LocalRotation.x
      value: -0
      objectReference: {fileID: 0}
    - target: {fileID: 1862033672655027806, guid: ceaef40b0c919204bb6a3e1e676f3020,
        type: 3}
      propertyPath: m_LocalRotation.y
      value: -0.65452564
      objectReference: {fileID: 0}
    - target: {fileID: 1862033672655027806, guid: ceaef40b0c919204bb6a3e1e676f3020,
        type: 3}
      propertyPath: m_LocalRotation.z
      value: -0
      objectReference: {fileID: 0}
    - target: {fileID: 1862033672655027806, guid: ceaef40b0c919204bb6a3e1e676f3020,
        type: 3}
      propertyPath: m_LocalRotation.w
      value: 0.7560398
      objectReference: {fileID: 0}
    - target: {fileID: 1862033672655027806, guid: ceaef40b0c919204bb6a3e1e676f3020,
        type: 3}
      propertyPath: m_RootOrder
      value: 0
      objectReference: {fileID: 0}
    - target: {fileID: 1862033672655027806, guid: ceaef40b0c919204bb6a3e1e676f3020,
        type: 3}
      propertyPath: m_LocalEulerAnglesHint.x
      value: 0
      objectReference: {fileID: 0}
    - target: {fileID: 1862033672655027806, guid: ceaef40b0c919204bb6a3e1e676f3020,
        type: 3}
      propertyPath: m_LocalEulerAnglesHint.y
      value: -81.767006
      objectReference: {fileID: 0}
    - target: {fileID: 1862033672655027806, guid: ceaef40b0c919204bb6a3e1e676f3020,
        type: 3}
      propertyPath: m_LocalEulerAnglesHint.z
      value: 0
      objectReference: {fileID: 0}
    - target: {fileID: 3426144316362181709, guid: ceaef40b0c919204bb6a3e1e676f3020,
        type: 3}
      propertyPath: m_Name
      value: tablicacen Variant
      objectReference: {fileID: 0}
    m_RemovedComponents: []
  m_SourcePrefab: {fileID: 100100000, guid: ceaef40b0c919204bb6a3e1e676f3020, type: 3}
--- !u!4 &7544081782515614469 stripped
Transform:
  m_CorrespondingSourceObject: {fileID: 1862033672655027806, guid: ceaef40b0c919204bb6a3e1e676f3020,
    type: 3}
  m_PrefabInstance: {fileID: 8171416123904752987}
  m_PrefabAsset: {fileID: 0}
--- !u!1001 &8763028183993801823
PrefabInstance:
  m_ObjectHideFlags: 0
  serializedVersion: 2
  m_Modification:
    m_TransformParent: {fileID: 886330311912512025}
    m_Modifications:
    - target: {fileID: 2209766261356849909, guid: 2e5c0f4d622b6be439e7f14a83dd484f,
        type: 3}
      propertyPath: m_Name
      value: GameObject (1)
      objectReference: {fileID: 0}
    - target: {fileID: 2597472680390879569, guid: 2e5c0f4d622b6be439e7f14a83dd484f,
        type: 3}
      propertyPath: m_LocalPosition.x
      value: 0
      objectReference: {fileID: 0}
    - target: {fileID: 2597472680390879569, guid: 2e5c0f4d622b6be439e7f14a83dd484f,
        type: 3}
      propertyPath: m_LocalPosition.y
      value: 0
      objectReference: {fileID: 0}
    - target: {fileID: 2597472680390879569, guid: 2e5c0f4d622b6be439e7f14a83dd484f,
        type: 3}
      propertyPath: m_LocalPosition.z
      value: 0
      objectReference: {fileID: 0}
    - target: {fileID: 2597472680390879569, guid: 2e5c0f4d622b6be439e7f14a83dd484f,
        type: 3}
      propertyPath: m_LocalRotation.x
      value: 0
      objectReference: {fileID: 0}
    - target: {fileID: 2597472680390879569, guid: 2e5c0f4d622b6be439e7f14a83dd484f,
        type: 3}
      propertyPath: m_LocalRotation.y
      value: 0
      objectReference: {fileID: 0}
    - target: {fileID: 2597472680390879569, guid: 2e5c0f4d622b6be439e7f14a83dd484f,
        type: 3}
      propertyPath: m_LocalRotation.z
      value: 0
      objectReference: {fileID: 0}
    - target: {fileID: 2597472680390879569, guid: 2e5c0f4d622b6be439e7f14a83dd484f,
        type: 3}
      propertyPath: m_LocalRotation.w
      value: 1
      objectReference: {fileID: 0}
    - target: {fileID: 2597472680390879569, guid: 2e5c0f4d622b6be439e7f14a83dd484f,
        type: 3}
      propertyPath: m_RootOrder
      value: 7
      objectReference: {fileID: 0}
    - target: {fileID: 2597472680390879569, guid: 2e5c0f4d622b6be439e7f14a83dd484f,
        type: 3}
      propertyPath: m_LocalEulerAnglesHint.x
      value: 0
      objectReference: {fileID: 0}
    - target: {fileID: 2597472680390879569, guid: 2e5c0f4d622b6be439e7f14a83dd484f,
        type: 3}
      propertyPath: m_LocalEulerAnglesHint.y
      value: 0
      objectReference: {fileID: 0}
    - target: {fileID: 2597472680390879569, guid: 2e5c0f4d622b6be439e7f14a83dd484f,
        type: 3}
      propertyPath: m_LocalEulerAnglesHint.z
      value: 0
      objectReference: {fileID: 0}
    m_RemovedComponents: []
  m_SourcePrefab: {fileID: 100100000, guid: 2e5c0f4d622b6be439e7f14a83dd484f, type: 3}
--- !u!4 &6742051440288937230 stripped
Transform:
  m_CorrespondingSourceObject: {fileID: 2597472680390879569, guid: 2e5c0f4d622b6be439e7f14a83dd484f,
    type: 3}
  m_PrefabInstance: {fileID: 8763028183993801823}
  m_PrefabAsset: {fileID: 0}
--- !u!1001 &8877188895225324315
PrefabInstance:
  m_ObjectHideFlags: 0
  serializedVersion: 2
  m_Modification:
    m_TransformParent: {fileID: 886330311912512025}
    m_Modifications:
    - target: {fileID: 5465093524307729678, guid: 0975dea025eeecf4baa43172c1de5707,
        type: 3}
      propertyPath: m_LocalPosition.x
      value: -5.0858326
      objectReference: {fileID: 0}
    - target: {fileID: 5465093524307729678, guid: 0975dea025eeecf4baa43172c1de5707,
        type: 3}
      propertyPath: m_LocalPosition.y
      value: -9.021396
      objectReference: {fileID: 0}
    - target: {fileID: 5465093524307729678, guid: 0975dea025eeecf4baa43172c1de5707,
        type: 3}
      propertyPath: m_LocalPosition.z
      value: 56.165833
      objectReference: {fileID: 0}
    - target: {fileID: 5465093524307729678, guid: 0975dea025eeecf4baa43172c1de5707,
        type: 3}
      propertyPath: m_LocalRotation.x
      value: -0
      objectReference: {fileID: 0}
    - target: {fileID: 5465093524307729678, guid: 0975dea025eeecf4baa43172c1de5707,
        type: 3}
      propertyPath: m_LocalRotation.y
      value: 0.32186353
      objectReference: {fileID: 0}
    - target: {fileID: 5465093524307729678, guid: 0975dea025eeecf4baa43172c1de5707,
        type: 3}
      propertyPath: m_LocalRotation.z
      value: -0
      objectReference: {fileID: 0}
    - target: {fileID: 5465093524307729678, guid: 0975dea025eeecf4baa43172c1de5707,
        type: 3}
      propertyPath: m_LocalRotation.w
      value: -0.9467861
      objectReference: {fileID: 0}
    - target: {fileID: 5465093524307729678, guid: 0975dea025eeecf4baa43172c1de5707,
        type: 3}
      propertyPath: m_RootOrder
      value: 2
      objectReference: {fileID: 0}
    - target: {fileID: 5465093524307729678, guid: 0975dea025eeecf4baa43172c1de5707,
        type: 3}
      propertyPath: m_LocalEulerAnglesHint.x
      value: 0
      objectReference: {fileID: 0}
    - target: {fileID: 5465093524307729678, guid: 0975dea025eeecf4baa43172c1de5707,
        type: 3}
      propertyPath: m_LocalEulerAnglesHint.y
      value: 322.449
      objectReference: {fileID: 0}
    - target: {fileID: 5465093524307729678, guid: 0975dea025eeecf4baa43172c1de5707,
        type: 3}
      propertyPath: m_LocalEulerAnglesHint.z
      value: 0
      objectReference: {fileID: 0}
    - target: {fileID: 9046799549182553885, guid: 0975dea025eeecf4baa43172c1de5707,
        type: 3}
      propertyPath: m_Name
      value: myjnia Variant
      objectReference: {fileID: 0}
    m_RemovedComponents: []
  m_SourcePrefab: {fileID: 100100000, guid: 0975dea025eeecf4baa43172c1de5707, type: 3}
--- !u!4 &3523492620193299989 stripped
Transform:
  m_CorrespondingSourceObject: {fileID: 5465093524307729678, guid: 0975dea025eeecf4baa43172c1de5707,
    type: 3}
  m_PrefabInstance: {fileID: 8877188895225324315}
  m_PrefabAsset: {fileID: 0}
